%% LaTeX2e file `workscited.bib'
%% generated by the `filecontents' environment
%% from source `ResearchProposal' on 2023/10/14.
%%

@misc{kerbl20233d,
  title={3D Gaussian Splatting for Real-Time Radiance Field Rendering}, 
  author={Bernhard Kerbl and Georgios Kopanas and Thomas Leimkühler and George Drettakis},
  year={2023},
  eprint={2308.04079},
  archivePrefix={arXiv},
  primaryClass={cs.GR}
}
@misc{barron2022mipnerf,
  title={Mip-NeRF 360: Unbounded Anti-Aliased Neural Radiance Fields}, 
  author={Jonathan T. Barron and Ben Mildenhall and Dor Verbin and Pratul P. Srinivasan and Peter Hedman},
  year={2022},
  eprint={2111.12077},
  archivePrefix={arXiv},
  primaryClass={cs.CV}
}
@misc{sitzmann2019deepvoxels,
  title={DeepVoxels: Learning Persistent 3D Feature Embeddings}, 
  author={Vincent Sitzmann and Justus Thies and Felix Heide and Matthias Nießner and Gordon Wetzstein and Michael Zollhöfer},
  year={2019},
  eprint={1812.01024},
  archivePrefix={arXiv},
  primaryClass={cs.CV}
}
@inproceedings{Ko2016PointCG,
  title={Point Cloud Generation Using Structure from Motion with Multiple View Images},
  author={Jaeryun Ko and Yo-Sung Ho},
  year={2016},
  url={https://api.semanticscholar.org/CorpusID:45273242}
}